@book{latex,
  title = {LaTeX : A Documentation Preparation System User's Guide and Reference Manual},
  publisher = {Addison-Wesley Professional},
  year = {1994},
  author = {Leslie Lamport}
}
@article{bellman1957dynamic,
title={Dynamic programming},
author={Bellman, Richard},
journal={Journal of Mathematics and Mechanics},
volume={6},
number={1},
pages={87--105},
year={1957}
}
@book{sutton2018reinforcement,
  title={Reinforcement learning: An introduction},
  author={Sutton, Richard S and Barto, Andrew G},
  year={2018},
  publisher={MIT press}
}
@misc{RL_ArtInt_268,
author = {},
title = {Reinforcement Learning - An Introduction},
year = {},
howpublished = {\url{http://artint.info/html/ArtInt_268.html}},
note = {Accessed: 2023-02-04}
}
@misc{wiki:reinforcement_learning,
  title = "Reinforcement Learning --- {W}ikipedia{,} The Free Encyclopedia",
  author = "Wikipedia contributors",
  year = "2023",
  howpublished = {\url{https://en.wikipedia.org/wiki/Reinforcement_learning}},
  note = "[Online; accessed 25-February-2023]"
}

@article{TaxonomyDeepLearning,
author = {Azar, Ahmad and Koubaa, Anis and Mohamed, Nada and Ibrahim, Habiba and Fathy, Zahra and Kazim, Muhammad and Ammar, Adel and Benjdira, Bilel and Khamis, Alaa and Hameed, Ibrahim and Casalino, Gabriella},
year = {2021},
month = {04},
pages = {},
title = {Drone Deep Reinforcement Learning: A Review},
volume = {10},
journal = {Electronics},
doi = {10.3390/electronics10090999}
}
@article{nguyen2017review,
  title={A review of model-free deep reinforcement learning methods},
  author={Nguyen, Kim and Zheng, Yuxiang and Wen, Ming and Li, Bin},
  journal={International Conference on Machine Learning and Cybernetics},
  pages={768--773},
  year={2017},
  publisher={Springer}
}

@article{sutton2018reinforcement,
  title={Reinforcement learning: An introduction},
  author={Sutton, Richard S and Barto, Andrew G},
  journal={MIT press},
  year={2018}
}

@article{kaelbling1996reinforcement,
  title={Reinforcement learning and control as probabilistic inference},
  author={Kaelbling, Leslie Pack and Littman, Michael L and Moore, Andrew W},
  journal={Journal of artificial intelligence research},
  volume={4},
  pages={237--285},
  year={1996},
  publisher={AI Access Foundation}
}

@article{wiener1923differential,
  title={Differential space},
  author={Wiener, Norbert},
  journal={Journal of Mathematics and Physics},
  volume={2},
  number={1},
  pages={131--174},
  year={1923},
  publisher={Elsevier}
}
@article{Escobar-Anel2022,
    author = {Marcos Escobar-Anel and Michel Kschonnek and Rudi Zagst},
    title = {Portfolio optimization: not necessarily concave utility and constraints on wealth and allocation},
    journal = {Mathematical Methods of Operations Research},
    volume = {95},
    number = {},
    pages = {101--140},
    year = {2022},
    doi = {},
    url = {}
}
@techreport{FernandezKschonnek2022,
    author = {Lexuri Fernández and Michel Kschonnek},
    title = {AGI Reinforcement Learning},
    year = {2022},
    month = {July},
    day = {21},
    url = {},
}
@book{Korn1997,
    author = {Ralf Korn},
    title = {Optimal Portfolios: Stochastic Models for Optimal Investment and Risk Management in Continuous Time},
    year = {1997},
    publisher = {World Scientific},
}
@misc{Zagst2019,
    author = {Rudi Zagst},
    title = {Lecture Notes in Investment Strategies, Winter Term},
    year = {2019},
    note = {Lecture notes},
}
@article{Branger2008,
    author = {Nicole Branger and Christian Schlag and Eva Schneider},
    title = {Optimal portfolios when volatility can jump},
    journal = {Journal of Banking \& Finance},
    volume = {32},
    number = {6},
    pages = {1087--1097},
    year = {2008},
}

@article{Branger2017,
    author = {Nicole Branger and others},
    title = {Optimal portfolios when variances and covariances can jump},
    journal = {Journal of Economic Dynamics and Control},
    volume = {85},
    pages = {59--88},
    year = {2017},
}
@article{Escobar2018,
    author = {Marcos Escobar and Sebastian Ferrando and Alexey Rubtsov},
    title = {Dynamic derivative strategies with stochastic interest rates and model uncertainty},
    journal = {Journal of Economic Dynamics and Control},
    volume = {86},
    pages = {49--71},
    year = {2018},
}
@article{Liu2003,
    author = {Jun Liu and Jun Pan},
    title = {Dynamic derivative strategies},
    journal = {Journal of Financial Economics},
    volume = {69},
    number = {3},
    pages = {401--430},
    year = {2003},
}

@article{Merton1969,
  title={Lifetime portfolio selection under uncertainty: The continuous-time case},
  author={Robert C Merton},
  journal={The Review of Economics and Statistics},
  volume={51},
  number={3},
  pages={247--257},
  year={1969},
  publisher={MIT Press}
}

@article{davis1990portfolio,
  title={Portfolio selection with transaction costs},
  author={Davis, Mark H A and Norman, Andrew R},
  journal={Mathematics of operations research},
  volume={15},
  number={4},
  pages={676--713},
  year={1990},
  publisher={INFORMS}
}

@article{korn2001optimal,
  title={Optimal portfolios and HJB equations with jump diffusion processes},
  author={Korn, Ralf and Kraft, Holger},
  journal={Mathematical methods of operations research},
  volume={54},
  number={3},
  pages={427--452},
  year={2001},
  publisher={Springer}
}


@book{Merton1975,
  title={Stochastic optimization models in finance},
  author={Robert C Merton},
  year={1975},
  publisher={Elsevier},
  chapter={Optimum consumption and portfolio rules in a continuous-time model},
  pages={621--661}
}
@article{Heston1993,
  author = {Heston, Steven L.},
  title = {A Closed-Form Solution for Options with Stochastic Volatility with Applications to Bond and Currency Options},
  journal = {The Review of Financial Studies},
  volume = {6},
  number = {2},
  pages = {327-343},
  year = {1993},
  publisher = {Oxford University Press (OUP)},
  doi = {10.1093/rfs/6.2.327},
}
@article{watkins1992q,
  title={Q-learning},
  author={Watkins, Christopher JCH and Dayan, Peter},
  journal={Machine Learning},
  volume={8},
  number={3-4},
  pages={279--292},
  year={1992},
  publisher={Springer}
}
@inproceedings{konda2000actor,
  title={Actor-critic algorithms},
  author={Konda, Vijay R and Tsitsiklis, John N},
  booktitle={Advances in neural information processing systems},
  pages={1008--1014},
  year={2000}
}


@article{brown2020language,
  title={Language models are few-shot learners},
  author={Brown, Tom B and Mann, Benjamin and Ryder, Nick and Subbiah, Melanie and Kaplan, Jared and Dhariwal, Prafulla and Neelakantan, Arvind and Shyam, Pranav and Sastry, Girish and Askell, Amanda and others},
  journal={arXiv preprint arXiv:2005.14165},
  year={2020}
}

@misc{tensorflow2015-whitepaper,
  title={TensorFlow: Large-Scale Machine Learning on Heterogeneous Distributed Systems},
  author={Mart{\'\i}n~Abadi and Ashish~Agarwal and Paul~Barham and Eugene~Brevdo and Zhifeng~Chen and Craig~Citro and Greg~S.~Corrado and Andy~Davis and Jeffrey~Dean and Matthieu~Devin and Sanjay~Ghemawat and Ian~Goodfellow and Andrew~Harp and Geoffrey~Irving and Michael~Isard and Yangqing Jia and Rafal~Jozefowicz and Lukasz~Kaiser and Manjunath~Kudlur and Josh~Levenberg and Dan~Man{\'e} and Mike~Schuster and Rajat~Monga and Sherry~Moore and Derek~Murray and Chris~Olah and Jonathon~Shlens and Benoit~Steiner and Ilya~Sutskever and Kunal~Talwar and Paul~Tucker and Vincent~Vanhoucke and Vijay~Vasudevan and Fernanda~Vi{\'e}gas and Oriol~Vinyals and Pete~Warden and Martin~Wattenberg and Martin~Wicke and Yuan~Yu and Xiaoqiang~Zheng},
  year={2015},
  url={https://www.tensorflow.org/}
}

@article{mnih2015human,
  title={Human-level control through deep reinforcement learning},
  author={Mnih, Volodymyr and Kavukcuoglu, Koray and Silver, David and Graves, Alex and Antonoglou, Ioannis and Wierstra, Daan and Riedmiller, Martin},
  journal={Nature},
  volume={518},
  number={7540},
  pages={529--533},
  year={2015},
  publisher={Nature Publishing Group}
}

@misc{dash_2022,
  author = {Plotly Technologies Inc.},
  title = {Dash - A web application framework for Python},
  year = {2022},
  url = {https://plotly.com/dash/},
}
@misc{Zaharia2018MLflow,
  author = {Matei Zaharia and others},
  title = {MLflow: An Open Source Platform for the Complete Machine Learning Lifecycle},
  year = {2018},
  url = {https://mlflow.org/docs/latest/index.html},
}
@misc{FastAPI,
  author = {Tiangolo, Sebastián},
  title = {FastAPI},
  year = {2019},
  publisher = {GitHub},
  journal = {GitHub repository},
  howpublished = {\url{https://github.com/tiangolo/fastapi}},
}
@mastersthesis{ Janik2022,
	type = {Masterarbeit},
	author = {Grill,Alexander Stephan  }, 
	title = {Reinforcement Learning for Dynamic Investment Strategies in Continuous Time},
	year = {2022},
	school = {Technische Universität München},
}
@phdthesis{fielding2000architectural,
  title={Architectural Styles and the Design of Network-based Software Architectures},
  author={Fielding, Roy Thomas},
  year={2000},
  school={University of California, Irvine}
}

@misc{UVicorn,
  author = {Tiangolo, Sebastián},
  title = {UVicorn},
  year = {2017},
  publisher = {GitHub},
  journal = {GitHub repository},
  howpublished = {\url{https://github.com/encode/uvicorn}},
}
@book{riemann1887,
  title={Gesammelte Mathematische Werke und Wissenschaftlicher Nachlass},
  author={Riemann, Bernhard},
  year={1887},
  publisher={Druck und Verlag von B.G. Teubner}
}
@article{uhlenbeck1930,
  title={On the Theory of Brownian Motion},
  author={Uhlenbeck, George E. and Ornstein, Leonard S.},
  journal={Physical Review},
  volume={36},
  number={3},
  pages={823--841},
  year={1930},
  publisher={American Physical Society}
}
@inproceedings{lillicrap2015continuous,
  author = {Lillicrap, Timothy P. and Hunt, Jonathan J. and Pritzel, Alexander and Heess, Nicolas and Erez, Tom and Tassa, Yuval and Silver, David and Wierstra, Daan},
  title = {Continuous control with deep reinforcement learning},
  booktitle = {Proceedings of the International Conference on Learning Representations (ICLR)},
  year = {2016}
}
@article{ying2017deep,
  title={A deep reinforcement learning framework for the financial portfolio management problem},
  author={Ying, Zhen and Li, Han and Ren, Huijing and Chen, Wei and Wang, Yadong},
  journal={IEEE Access},
  volume={5},
  pages={24084--24094},
  year={2017},
  publisher={IEEE}
}

@article{zhang2020application,
  title={Application of deep reinforcement learning in stock trading strategies and stock forecasting},
  author={Zhang, Yaodong and Lipton, Zachary C and Li, Mu and Li, Xi},
  journal={IEEE Transactions on Neural Networks and Learning Systems},
  year={2020},
  publisher={IEEE}
}

@inproceedings{huang2018market,
  title={Market making via reinforcement learning},
  author={Huang, Kevin and Vishnoi, Nachiappan and Huang, Xiao and Richtarik, Peter and Zou, James},
  booktitle={International Conference on Machine Learning},
  pages={2218--2227},
  year={2018},
  organization={PMLR}
}

@article{buehler2019deep,
  title={Deep hedging},
  author={Buehler, Johannes and Gonon, Lukas and Teichmann, Josef and Wood, Benjamin},
  journal={Quantitative Finance},
  volume={19},
  number={8},
  pages={1271--1291},
  year={2019},
  publisher={Taylor \& Francis}
}
@misc{kubernetes,
  title = {Kubernetes},
  author = {{The Kubernetes Authors}},
  year = {2014},
  howpublished = {\url{https://kubernetes.io/}},
  note = {Accessed: February 21, 2023}
}
@misc{tensorboard,
  title = {TensorBoard},
  author = {Google},
  year = {2016},
  howpublished = {\url{https://www.tensorflow.org/tensorboard}},
  note = {Accessed: February 21, 2023}
}
@article{howden1978,
  title={A theory of regression test selection},
  author={Howden, William E},
  journal={IEEE Transactions on Software Engineering},
  volume={4},
  number={3},
  pages={227--238},
  year={1978},
  publisher={IEEE}
}



